@ARTICLE{2008arXiv0805.2366I,
  author =       {{Ivezic}, Z. and others},
  title =        "{LSST: from Science Drivers to Reference Design and
                  Anticipated Data Products}",
  journal =      {ArXiv e-prints},
  archivePrefix ="arXiv",
  eprint =       {arXiv:0805.2366},
  keywords =     {Astrophysics},
  year =         2008,
  month =        may,
  adsurl =       {http://adsabs.harvard.edu/abs/2008arXiv0805.2366I},
  adsnote =      {Provided by the SAO/NASA Astrophysics Data System}
}

@ARTICLE{2009arXiv0912.0201L,
  author =       {{LSST Science Collaboration}},
  title =        "{LSST Science Book, Version 2.0}",
  journal =      {ArXiv e-prints},
  archivePrefix ="arXiv",
  eprint =       {arXiv:0912.0201},
  primaryClass = "astro-ph.IM",
  keywords =     {Astrophysics - Instrumentation and Methods for
                  Astrophysics, Astrophysics - Cosmology and
                  Extragalactic Astrophysics, Astrophysics - Earth and
                  Planetary Astrophysics, Astrophysics - Galaxy
                  Astrophysics, Astrophysics - Solar and Stellar
                  Astrophysics},
  year =         2009,
  month =        dec,
  adsurl =       {http://adsabs.harvard.edu/abs/2009arXiv0912.0201L},
  adsnote =      {Provided by the SAO/NASA Astrophysics Data System}
}

@ARTICLE{2010AJ....139.1782L,
  author =       {{Lang}, D. and {Hogg}, D.~W. and {Mierle}, K. and
                  {Blanton}, M. and {Roweis}, S.},
  title =        "{Astrometry.net: Blind Astrometric Calibration of
                  Arbitrary Astronomical Images}",
  journal =      {\aj},
  archivePrefix ="arXiv",
  eprint =       {arXiv:0910.2233},
  primaryClass = "astro-ph.IM",
  keywords =     {astrometry, catalogs, instrumentation:
                  miscellaneous, methods: data analysis, methods:
                  statistical, techniques: image processing},
  year =         2010,
  month =        may,
  volume =       139,
  pages =        {1782-1800},
  doi =          {10.1088/0004-6256/139/5/1782},
  adsurl =       {http://adsabs.harvard.edu/abs/2010AJ....139.1782L},
  adsnote =      {Provided by the SAO/NASA Astrophysics Data System}
}

@INPROCEEDINGS{2010SPIE.7740E..15A,
  author =       {{Axelrod}, T. and {Kantor}, J. and {Lupton},
                  R.~H. and {Pierfederici}, F.  },
  title =        "{An open source application framework for
                  astronomical imaging pipelines}",
  booktitle =    {Software and Cyberinfrastructure for Astronomy},
  year =         2010,
  series =       {Proc.\ SPIE},
  editor =       {Nicole M. Radziwill and Alan Bridger},
  volume =       7740,
  month =        jul,
  eid =          774015,
  pages =        15,
  doi =          {10.1117/12.857297},
  adsurl =       {http://adsabs.harvard.edu/abs/2010SPIE.7740E..15A},
  adsnote =      {Provided by the SAO/NASA Astrophysics Data System}
}

@INPROCEEDINGS{2011ASPC..442..435B,
  author =       {{Bertin}, E.},
  title =        "{Automated Morphometry with SExtractor and PSFEx}",
  booktitle =    {Astronomical Data Analysis Software and Systems XX},
  year =         2011,
  series =       {ASP Conf.\ Ser.},
  volume =       442,
  editor =       {{Evans}, I.~N. and {Accomazzi}, A. and {Mink},
                  D.~J. and {Rots}, A.~H.  },
  month =        jul,
  pages =        435,
  adsurl =       {http://adsabs.harvard.edu/abs/2011ASPC..442..435B},
  adsnote =      {Provided by the SAO/NASA Astrophysics Data System}
}

@INPROCEEDINGS{2011ASPC..442..633J,
  author =       {{Joye}, W.},
  title =        "{SAOImage DS9 Frequently Asked Questions}",
  booktitle =    {Astronomical Data Analysis Software and Systems XX},
  year =         2011,
  series =       {ASP Conf.\ Ser.},
  volume =       442,
  editor =       {{Evans}, I.~N. and {Accomazzi}, A. and {Mink},
                  D.~J. and {Rots}, A.~H.  },
  month =        jul,
  pages =        633,
  adsurl =       {http://adsabs.harvard.edu/abs/2011ASPC..442..633J},
  adsnote =      {Provided by the SAO/NASA Astrophysics Data System}
}

@INPROCEEDINGS{2015ASPC..495...11M,
  author =       {{Mink}, J. and {Mann}, R.~G. and {Hanisch}, R. and
                  {Rots}, A. and {Seaman}, R. and {Jenness}, T. and
                  {Thomas}, B. and {O'Mullane}, W.  },
  title =        "{The Past, Present, and Future of Astronomical Data
                  Formats}",
  booktitle =    {Astronomical Data Analysis Software and Systems
                  XXIV},
  year =         2015,
  series =       {ASP Conf.\ Ser.},
  volume =       495,
  archivePrefix ="arXiv",
  eprint =       {arXiv:1411.0996},
  primaryClass = "astro-ph.IM",
  editor =       {{Taylor}, A.~R. and {Rosolowsky}, E.},
  month =        sep,
  pages =        11,
  adsurl =       {http://adsabs.harvard.edu/abs/2015ASPC..495...11M},
  adsnote =      {Provided by the SAO/NASA Astrophysics Data System}
}

@ARTICLE{2015JPhCS.608a2031M,
  author =       {{Meusel}, R. and {Blomer}, J. and {Buncic}, P. and
                  {Ganis}, G. and {Heikkila}, S.},
  title =        "{Recent Developments in the CernVM-File System
                  Server Backend}",
  journal =      {Journal of Physics Conference Series},
  year =         2015,
  month =        may,
  volume =       608,
  number =       1,
  eid =          012031,
  pages =        012031,
  doi =          {10.1088/1742-6596/608/1/012031},
  adsurl =       {http://adsabs.harvard.edu/abs/2015JPhCS.608a2031M},
  adsnote =      {Provided by the SAO/NASA Astrophysics Data System}
}

@Misc{EUPS,
  author =       {Nikhil Padmanabhan and Robert Lupton and Craig
                  Loomis},
  title =        {{EUPS --- a Tool to Manage Software Dependencies}},
  howpublished = {\url{https://github.com/RobertLuptonTheGood/eups}},
  year =         2015,
}

@Misc{LDM-151,
  author =       {Mario Juric and others},
  title =        {{LSST Data Management Applications Design}},
  howpublished = {LDM-151, \url{http://ls.st/LDM-151}},
  year =         2013,
}

@inproceedings{O3-1_adassxxv,
  author =       "Mario Juric",
  booktitle =    "ADASS XXV",
  year =         2016,
  editor =       "Lorente, N.~P.~F. and Shortridge, K.",
  volume =       "TBD",
  series =       "ASP Conf.\ Ser.",
  pages =        "TBD",
  publisher =    "ASP",
  address =      "San Francisco",
}

@inproceedings{O10-1_adassxxv,
  author =       "Xiuqin Wu and David Ciardi and Gregory
                  Dubois-Felsmann and Tatiana Goldina and Steve Groom
                  and Loi Ly and Trey Roby",
  booktitle =    "ADASS XXV",
  year =         2016,
  editor =       "Lorente, N.~P.~F. and Shortridge, K.",
  volume =       "TBD",
  series =       "ASP Conf.\ Ser.",
  pages =        "TBD",
  publisher =    "ASP",
  address =      "San Francisco",
}

@article{beazley2003automated,
  title =        {Automated scientific software scripting with SWIG},
  author =       {Beazley, David M},
  journal =      {Future Generation Computer Systems},
  volume =       19,
  number =       5,
  pages =        {599--609},
  year =         2003,
  publisher =    {Elsevier}
}
